%% This BibTeX bibliography file was created using BibDesk.
%% https://bibdesk.sourceforge.io/

%% Created for Benjamin Bloem-Reddy at 2019-10-18 14:42:02 -0700 


%% Saved with string encoding Unicode (UTF-8) 



@misc{kondor2018generalization,
    title={On the Generalization of Equivariance and Convolution in Neural Networks to the Action of Compact Groups},
    author={Risi Kondor and Shubhendu Trivedi},
    year={2018},
    eprint={1802.03690},
    archivePrefix={arXiv},
    primaryClass={stat.ML}
}

@misc{bloemreddy2019probabilistic,
    title={Probabilistic symmetry and invariant neural networks},
    author={Benjamin Bloem-Reddy and Yee Whye Teh},
    year={2019},
    eprint={1901.06082},
    archivePrefix={arXiv},
    primaryClass={stat.ML}
}